% овде наводити bibtex референце
% bibtex уносе не морате сами писати већ их можете скинути за публикацију од интереса
% Нпр. бибтекс за неку публикацију можете добити претрагом google scholar сервиса (клик на инокницу наводника испод испод публикације отвара прозор одакле можете скинути
% бибтекс референцу). Такође, постоји и google scholar plugin који вам може олакшати претрагу.
% Можете користити и менаџере референци попут Zotero-a i Mendeley-a (такође имају plugin-e за претраживаче).
% Осим тога, аутори публикација некада своје начине своје публикације доступним на arXiv-у и сличним сервисима за публиковање радова одакле такође можете скинути
% бибтекс уносе за публикације.

@book{janii_2004_matematika,
  author = {Janičić, Predrag},
  title = {Matematička logika u računarstvu},
  year = {2008},
  publisher = {Matematicki fakultet, Studentski trg 16, Beograd}
}

@misc{swi_prolog_docs,
  author = {{SWI-Prolog Community}},
  title = {{SWI-Prolog Documentation}},
  howpublished = {\url{https://www.swi-prolog.org/pldoc/index.html}},
  note = {Accessed: 2025-09-20}
}

@misc{sld_resolution,
  author = {{Wikipedia contributors}},
  title = {SLD Resolution},
  howpublished = {\url{https://en.wikipedia.org/wiki/SLD_resolution}},
  note = {Accessed: 2025-09-20}
}

@misc{aleph_manual,
  author = {Srinivasan, Ashwin},
  title = {The Aleph Manual},
  howpublished = {\url{http://www.cs.ox.ac.uk/activities/programinduction/Aleph/aleph.html}},
  note = {Accessed: 2025-09-20}
}

@misc{quinlan1996induction,
  author = {Quinlan, J. Ross},
  title = {Induction of Decision Trees},
  howpublished = {\url{https://www.seas.upenn.edu/~cis520/papers/quinlan.pdf}},
  year = {1996},
  note = {Accessed: 2025-09-21}
}

@article{breiman2001random,
  author = {Breiman, Leo},
  title = {Random Forests},
  journal = {Machine Learning},
  volume = {45},
  pages = {5--32},
  year = {2001},
  doi = {10.1023/A:1010933404324}
}

@article{chen2016xgboost,
  title = {XGBoost: A Scalable Tree Boosting System},
  author = {Chen, Tianqi and Guestrin, Carlos},
  journal = {arXiv preprint arXiv:1603.02754},
  year = {2016},
  doi = {10.48550/arXiv.1603.02754},
}

@article{gou2021knowledge,
  author = {Gou, Jianping and Yu, Baosheng and Maybank, Stephen J. and Tao, Dacheng},
  title = {Knowledge Distillation: A Survey},
  journal = {International Journal of Computer Vision},
  volume = {129},
  number = {6},
  pages = {1789--1819},
  year = {2021},
  doi = {10.1007/s11263-021-01453-z}
}

@inproceedings{hinton2015distilling,
  author = {Hinton, Geoffrey and Vinyals, Oriol and Dean, Jeff},
  title = {Distilling the Knowledge in a Neural Network},
  booktitle = {NIPS Deep Learning and Representation Learning Workshop},
  year = {2015},
  url = {https://arxiv.org/abs/1503.02531}
}

@article{Goadrich2006Gleaner,
  title   = {Gleaner: Creating Ensembles of First-Order Clauses to Improve Recall-Precision Curves},
  author  = {Mark Goadrich and Louis Oliphant and Jude W. Shavlik},
  journal = {Machine Learning},
  volume  = {64},
  number  = {1-3},
  pages   = {231--261},
  year    = {2006},
  doi     = {10.1007/s10994-006-8958-3}
}